
    <zs:record>
      <zs:recordSchema/>
      <zs:recordPacking>xml</zs:recordPacking>
      <zs:recordData>
        <record xmlns="http://www.loc.gov/MARC21/slim">
          <leader>01143cjm a22003137a 4500</leader>
          <controlfield tag="001">5725568</controlfield>
          <controlfield tag="005">20000303073634.0</controlfield>
          <controlfield tag="007">sdubumennmpluu</controlfield>
          <controlfield tag="008">941207s1965    xx uun              eng  </controlfield>
          <datafield tag="035" ind1=" " ind2=" ">
            <subfield code="9">(DLC)   94767242</subfield>
          </datafield>
          <datafield tag="906" ind1=" " ind2=" ">
            <subfield code="a">7</subfield>
            <subfield code="b">cbc</subfield>
            <subfield code="c">orignew</subfield>
            <subfield code="d">3</subfield>
            <subfield code="e">ncip</subfield>
            <subfield code="f">19</subfield>
            <subfield code="g">y-genmusic</subfield>
          </datafield>
          <datafield tag="955" ind1=" " ind2=" ">
            <subfield code="a">vn24</subfield>
          </datafield>
          <datafield tag="010" ind1=" " ind2=" ">
            <subfield code="a">   94767242 </subfield>
          </datafield>
          <datafield tag="028" ind1="0" ind2="0">
            <subfield code="a">M 547</subfield>
            <subfield code="b">Metro</subfield>
          </datafield>
          <datafield tag="035" ind1=" " ind2=" ">
            <subfield code="a">(OCoLC)31625772</subfield>
          </datafield>
          <datafield tag="040" ind1=" " ind2=" ">
            <subfield code="a">DLC</subfield>
            <subfield code="c">DLC</subfield>
            <subfield code="d">DLC</subfield>
          </datafield>
          <datafield tag="050" ind1="0" ind2="0">
            <subfield code="a">Metro M 547</subfield>
          </datafield>
          <datafield tag="245" ind1="0" ind2="0">
            <subfield code="a">Mr. &amp; Mrs. Hank Williams</subfield>
            <subfield code="h">[sound recording].</subfield>
          </datafield>
          <datafield tag="260" ind1=" " ind2=" ">
            <subfield code="a">[S.l.] :</subfield>
            <subfield code="b">Metro,</subfield>
            <subfield code="c">[1965?]</subfield>
          </datafield>
          <datafield tag="300" ind1=" " ind2=" ">
            <subfield code="a">1 sound disc :</subfield>
            <subfield code="b">analog, 33 1/3 rpm ;</subfield>
            <subfield code="c">12 in.</subfield>
          </datafield>
          <datafield tag="511" ind1="0" ind2=" ">
            <subfield code="a">Hank and Audrey Williams, vocals.</subfield>
          </datafield>
          <datafield tag="505" ind1="0" ind2=" ">
            <subfield code="a">Dear brother -- Lost on the river -- I dreamed about mama last night -- Jesus remembered me -- The pale horse and his rider -- A home in heaven -- Let me sit alone (and think) -- Parakeet polka -- They're begging me to stay -- Oceans of love.</subfield>
          </datafield>
          <datafield tag="500" ind1=" " ind2=" ">
            <subfield code="a">Brief record.</subfield>
          </datafield>
          <datafield tag="650" ind1=" " ind2="0">
            <subfield code="a">Country music</subfield>
            <subfield code="y">1961-1970.</subfield>
          </datafield>
          <datafield tag="700" ind1="1" ind2=" ">
            <subfield code="a">Williams, Hank,</subfield>
            <subfield code="d">1923-1953.</subfield>
            <subfield code="4">prf</subfield>
          </datafield>
          <datafield tag="700" ind1="1" ind2=" ">
            <subfield code="a">Williams, Audrey,</subfield>
            <subfield code="d">1923-</subfield>
            <subfield code="4">prf</subfield>
          </datafield>
          <datafield tag="953" ind1=" " ind2=" ">
            <subfield code="a">TA28</subfield>
          </datafield>
          <datafield tag="985" ind1=" " ind2=" ">
            <subfield code="a">9412</subfield>
          </datafield>
          <datafield tag="991" ind1=" " ind2=" ">
            <subfield code="b">c-RecSound</subfield>
            <subfield code="h">Metro M 547</subfield>
            <subfield code="w">MUSIC</subfield>
          </datafield>
        </record>
      </zs:recordData>
      <zs:recordPosition>2</zs:recordPosition>
    </zs:record>