
    <zs:record>
      <zs:recordSchema/>
      <zs:recordPacking>xml</zs:recordPacking>
      <zs:recordData>
        <record xmlns="http://www.loc.gov/MARC21/slim">
          <leader>01313pam a22003011i 4500</leader>
          <controlfield tag="001">2282639</controlfield>
          <controlfield tag="005">19890206000000.0</controlfield>
          <controlfield tag="008">790913s1979    nyu    j      001 0 eng  </controlfield>
          <datafield tag="035" ind1=" " ind2=" ">
            <subfield code="9">(DLC)   79054681</subfield>
          </datafield>
          <datafield tag="906" ind1=" " ind2=" ">
            <subfield code="a">7</subfield>
            <subfield code="b">cbc</subfield>
            <subfield code="c">orignew</subfield>
            <subfield code="d">1</subfield>
            <subfield code="e">ocip</subfield>
            <subfield code="f">19</subfield>
            <subfield code="g">y-gencatlg</subfield>
          </datafield>
          <datafield tag="010" ind1=" " ind2=" ">
            <subfield code="a">   79054681 </subfield>
          </datafield>
          <datafield tag="020" ind1=" " ind2=" ">
            <subfield code="a">0884217833 :</subfield>
            <subfield code="c">$4.95</subfield>
          </datafield>
          <datafield tag="040" ind1=" " ind2=" ">
            <subfield code="a">DLC</subfield>
            <subfield code="c">DLC</subfield>
            <subfield code="d">DLC</subfield>
          </datafield>
          <datafield tag="042" ind1=" " ind2=" ">
            <subfield code="a">lcac</subfield>
          </datafield>
          <datafield tag="050" ind1="1" ind2="0">
            <subfield code="a">TT507</subfield>
            <subfield code="b">.G53</subfield>
          </datafield>
          <datafield tag="082" ind1="0" ind2="0">
            <subfield code="a">646</subfield>
          </datafield>
          <datafield tag="100" ind1="2" ind2=" ">
            <subfield code="a">Gieseking-Williams, Audrey G.,</subfield>
            <subfield code="d">1939-</subfield>
          </datafield>
          <datafield tag="245" ind1="1" ind2="0">
            <subfield code="a">Clothing skills for creative living /</subfield>
            <subfield code="c">consulting author, Audrey G. Gieseking-Williams ; co-developed by Butterick Publishing and Visual Education Corporation.</subfield>
          </datafield>
          <datafield tag="260" ind1=" " ind2=" ">
            <subfield code="a">New York :</subfield>
            <subfield code="b">Butterick Pub.,</subfield>
            <subfield code="c">c1979.</subfield>
          </datafield>
          <datafield tag="300" ind1=" " ind2=" ">
            <subfield code="a"> p. cm.</subfield>
          </datafield>
          <datafield tag="500" ind1=" " ind2=" ">
            <subfield code="a">Cataloging based on CIP information.</subfield>
          </datafield>
          <datafield tag="500" ind1=" " ind2=" ">
            <subfield code="a">Consists of chapters 10-12, Clothing &amp; textiles, from Creative living.</subfield>
          </datafield>
          <datafield tag="500" ind1=" " ind2=" ">
            <subfield code="a">Includes index.</subfield>
          </datafield>
          <datafield tag="520" ind1=" " ind2=" ">
            <subfield code="a">Discusses basic concepts of selecting, adapting and caring for clothes with sections on design and color, building a wardrobe, judging fabrics, making clothes, washing, cleaning and recycling clothes. Also gives details about careers in clothing and textiles.</subfield>
          </datafield>
          <datafield tag="650" ind1=" " ind2="0">
            <subfield code="a">Clothing and dress</subfield>
            <subfield code="x">Juvenile literature.</subfield>
          </datafield>
          <datafield tag="650" ind1=" " ind2="1">
            <subfield code="a">Clothing and dress.</subfield>
          </datafield>
          <datafield tag="710" ind1="2" ind2=" ">
            <subfield code="a">Butterick Publishing.</subfield>
          </datafield>
          <datafield tag="710" ind1="2" ind2=" ">
            <subfield code="a">Visual Education Corporation.</subfield>
          </datafield>
        </record>
      </zs:recordData>
      <zs:recordPosition>4</zs:recordPosition>
    </zs:record>