
    <zs:record>
      <zs:recordSchema/>
      <zs:recordPacking>xml</zs:recordPacking>
      <zs:recordData>
        <record xmlns="http://www.loc.gov/MARC21/slim">
          <leader>01724njm a2200361 a 4500</leader>
          <controlfield tag="001">5751448</controlfield>
          <controlfield tag="005">19950225074357.1</controlfield>
          <controlfield tag="007">sdubsmennmpluu</controlfield>
          <controlfield tag="008">860121s1985    nyucyn              eng d</controlfield>
          <datafield tag="035" ind1=" " ind2=" ">
            <subfield code="9">(DLC)   95776316</subfield>
          </datafield>
          <datafield tag="906" ind1=" " ind2=" ">
            <subfield code="a">7</subfield>
            <subfield code="b">cbc</subfield>
            <subfield code="c">copycat</subfield>
            <subfield code="d">3</subfield>
            <subfield code="e">ncip</subfield>
            <subfield code="f">19</subfield>
            <subfield code="g">y-genmusic</subfield>
          </datafield>
          <datafield tag="955" ind1=" " ind2=" ">
            <subfield code="a">vn22</subfield>
          </datafield>
          <datafield tag="010" ind1=" " ind2=" ">
            <subfield code="a">   95776316 </subfield>
          </datafield>
          <datafield tag="028" ind1="0" ind2="2">
            <subfield code="a">422-825 551-1 Y-2</subfield>
            <subfield code="b">Polydor</subfield>
          </datafield>
          <datafield tag="033" ind1="2" ind2=" ">
            <subfield code="a">194708--</subfield>
            <subfield code="a">194812--</subfield>
          </datafield>
          <datafield tag="035" ind1=" " ind2=" ">
            <subfield code="a">(OCoLC)13044244 </subfield>
          </datafield>
          <datafield tag="040" ind1=" " ind2=" ">
            <subfield code="a">IaA</subfield>
            <subfield code="c">IaA</subfield>
            <subfield code="d">NRU-Mus</subfield>
            <subfield code="d">DLC</subfield>
          </datafield>
          <datafield tag="042" ind1=" " ind2=" ">
            <subfield code="a">lccopycat</subfield>
          </datafield>
          <datafield tag="050" ind1="0" ind2="0">
            <subfield code="a">Polydor 825 551-1 Y-1</subfield>
          </datafield>
          <datafield tag="100" ind1="1" ind2=" ">
            <subfield code="a">Williams, Hank,</subfield>
            <subfield code="d">1923-1953.</subfield>
          </datafield>
          <datafield tag="245" ind1="1" ind2="0">
            <subfield code="a">Lovesick blues</subfield>
            <subfield code="h">[sound recording] /</subfield>
            <subfield code="c">Hank Williams.</subfield>
          </datafield>
          <datafield tag="260" ind1=" " ind2=" ">
            <subfield code="a">New York :</subfield>
            <subfield code="b">Polydor Records,</subfield>
            <subfield code="c">p1985.</subfield>
          </datafield>
          <datafield tag="300" ind1=" " ind2=" ">
            <subfield code="a">2 sound discs (54 min.) :</subfield>
            <subfield code="b">analog, 33 1/3 rpm, stereo. ;</subfield>
            <subfield code="c">12 in.</subfield>
          </datafield>
          <datafield tag="306" ind1=" " ind2=" ">
            <subfield code="a">005400</subfield>
          </datafield>
          <datafield tag="500" ind1=" " ind2=" ">
            <subfield code="a">Recorded August 1947 through December 1948, some songs previously released.</subfield>
          </datafield>
          <datafield tag="511" ind1="0" ind2=" ">
            <subfield code="a">Hank Williams ; Audrey Williams ; The Drifting Cowboys.</subfield>
          </datafield>
          <datafield tag="505" ind1="0" ind2=" ">
            <subfield code="a">I'm satisfied with you -- On the banks of the old Pontchartrain -- Fly trouble -- Honky tonkin' -- Rootie tootie -- I'll be a bachelor 'til I die -- A mansion on the hill -- Rockin' chair money -- At the first fall of snow -- I wish I had a nickel -- We live in two different worlds -- I can't get you off of my mind -- I'm a long gone daddy -- My sweet love ain't around -- The blues come around -- Jesus died for me -- Lovesick blues -- Weary blues from waitin' -- The devil's train -- Please don't let me love you -- When God dips his love in my heart.</subfield>
          </datafield>
          <datafield tag="650" ind1=" " ind2="0">
            <subfield code="a">Country music.</subfield>
          </datafield>
          <datafield tag="700" ind1="1" ind2=" ">
            <subfield code="a">Williams, Audrey,</subfield>
            <subfield code="d">1923-</subfield>
          </datafield>
          <datafield tag="710" ind1="2" ind2=" ">
            <subfield code="a">Drifting Cowboys.</subfield>
            <subfield code="4">prf</subfield>
          </datafield>
          <datafield tag="953" ind1=" " ind2=" ">
            <subfield code="a">TA28</subfield>
          </datafield>
          <datafield tag="985" ind1=" " ind2=" ">
            <subfield code="a">9502</subfield>
          </datafield>
          <datafield tag="991" ind1=" " ind2=" ">
            <subfield code="b">c-RecSound</subfield>
            <subfield code="h">Polydor 825 551-1 Y-1</subfield>
            <subfield code="w">MUSIC</subfield>
          </datafield>
        </record>
      </zs:recordData>
      <zs:recordPosition>10</zs:recordPosition>
    </zs:record>
  </zs:records>
  <zs:echoedSearchRetrieveRequest>
    <zs:version>1.1</zs:version>
    <zs:query>dc.creator="Davies, Audrey" or dc.creator="Williams, Audrey" or dc.creator="Williams, Audrey, Mrs."</zs:query>
    <zs:maximumRecords>100</zs:maximumRecords>
    <zs:recordPacking>xml</zs:recordPacking>
  </zs:echoedSearchRetrieveRequest>
</zs:searchRetrieveResponse>
